<record><leader>00000cas a22000007a 4500</leader><controlfield tag="001">17419963</controlfield><controlfield tag="008">880202d19261928ohudn ne      0    0eng d</controlfield><datafield ind1=" " ind2=" " tag="010"><subfield code="a">sn 88077083 </subfield></datafield><datafield ind1=" " ind2=" " tag="040"><subfield code="a">ONP</subfield><subfield code="b">eng</subfield><subfield code="c">ONP</subfield><subfield code="d">OCLCQ</subfield></datafield><datafield ind1=" " ind2=" " tag="042"><subfield code="a">msc</subfield></datafield><datafield ind1="0" ind2=" " tag="130"><subfield code="a">News (Covington, Ohio : 1926)</subfield></datafield><datafield ind1="1" ind2="4" tag="245"><subfield code="a">The News.</subfield></datafield><datafield ind1=" " ind2=" " tag="260"><subfield code="a">Covington, Ohio :</subfield><subfield code="b">H.C. Marlin,</subfield><subfield code="c">1926-1928.</subfield></datafield><datafield ind1=" " ind2=" " tag="310"><subfield code="a">Daily (except Sat. &amp; Sun.)</subfield></datafield><datafield ind1="0" ind2=" " tag="362"><subfield code="a">Vol. 2, no. 228 (Oct. 4, 1926)-v. 4, no. 240 (Nov. 9, 1928).</subfield></datafield><datafield ind1=" " ind2=" " tag="752"><subfield code="a">United States</subfield><subfield code="b">Ohio</subfield><subfield code="c">Miami</subfield><subfield code="d">Covington.</subfield></datafield><datafield ind1="0" ind2="0" tag="780"><subfield code="t">Stillwater Valley news (Covington, Ohio : 1924)</subfield><subfield code="w">(DLC)sn 88077082</subfield></datafield><datafield ind1="0" ind2="0" tag="785"><subfield code="t">Stillwater Valley news (Covington, Ohio : 1928)</subfield><subfield code="w">(DLC)sn 88077084</subfield></datafield></record>